@ARTICLE{oconnor:13,
   author = {{O'Connor}, E. and {Ott}, C.~D.},
    title = "{The Progenitor Dependence of the Pre-explosion Neutrino Emission in Core-collapse Supernovae}",
  journal = {\apj},
archivePrefix = "arXiv",
   eprint = {1207.1100},
 primaryClass = "astro-ph.HE",
 keywords = {equation of state, hydrodynamics, neutrinos, stars: evolution, stars: neutron, supernovae: general},
     year = 2013,
   volume = 762,
      eid = {126},
    pages = {126},
      doi = {10.1088/0004-637X/762/2/126},
   adsurl = {http://adsabs.harvard.edu/abs/2013ApJ...762..126O},
}

@ARTICLE{law:13,
   author = {{Law}, N.~M. and {Morton}, T. and {Baranec}, C. and {Riddle}, R. and 
	{Ravichandran}, G. and {Ziegler}, C. and {Johnson}, J.~A. and 
	{Tendulkar}, S.~P. and {Bui}, K. and {Burse}, M.~P. and {Das}, H.~K. and 
	{Dekany}, R.~G. and {Kulkarni}, S. and {Punnadi}, S. and {Ramaprakash}, A.~N.
	},
    title = "{Robotic Laser-Adaptive-Optics Imaging of 715 Kepler Exoplanet Candidates using Robo-AO}",
  journal = {ArXiv e-prints},
archivePrefix = "arXiv",
   eprint = {1312.4958},
 primaryClass = "astro-ph.EP",
 keywords = {Astrophysics - Earth and Planetary Astrophysics, Astrophysics - Instrumentation and Methods for Astrophysics},
     year = 2013,
    month = dec,
   adsurl = {http://adsabs.harvard.edu/abs/2013arXiv1312.4958L},
  adsnote = {Provided by the SAO/NASA Astrophysics Data System}
}